@Misc{telegraph,
howpublished = {\url{http://www.telegraph.co.uk/news/science/space/7935505/Stephen-Hawking-mankind-must-move-to-outer-space-within-a-century.html}},
title = {Stephen Hawking: mankind must move to outer space within a century},
author = {Richard Alleyne}
}

@Misc{nasa,
howpublished = {\url{https://www.hq.nasa.gov/office/hqlibrary/pathfinders/colony.htm}},
title = {Space Colonization},
author = {T.Keith Glennan}
}

@article{Grenfell:2009imba,
author = {Grenfell, J L and Kulikov, Yu N and Cockell, C S and Stangl, G and Grie{\ss}meier, J M and Wahlund, J E and Yamauchi, M and Ehrenfreund, P and Raulin, F and Prieur, D and Grasset, O and Kaltenegger, L and Khodachenko, M L and Coustenis, A and Bredeh{\"o}ft, J H and Lammer, H},
title = {{What makes a planet habitable?}},
journal = {The Astronomy and Astrophysics Review},
year = {2009},
volume = {17},
number = {2},
pages = {181}
}

@article{Crawford:2011ggba,
author = {Crawford, Ian A},
title = {{Project Icarus: A review of local interstellar medium properties of relevance for space missions to the nearest stars}},
journal = {Acta Astronautica},
year = {2011},
volume = {68},
number = {7-8},
pages = {691}
}